
@article{marklof2014power,
  title={Power-law distributions for the free path length in Lorentz gases},
  author={Marklof, Jens and Str{\"o}mbergsson, Andreas},
  journal={J. Stat. Phys.},
  volume={155},
  number={6},
  pages={1072--1086},
  year={2014},
  publisher={Springer}
}


@article{zacherl1986power,
  title={Power spectra for anomalous diffusion in the extended {S}inai billiard},
  author={Zacherl, A and Geisel, T and Nierwetberg, J and Radons, G},
  journal={Phys. Lett. A},
  volume={114},
  number={6},
  pages={317--321},
  year={1986},
  publisher={Elsevier}
}


@article{cvitanovic1992investigation,
  title={Investigation of the {L}orentz gas in terms of periodic orbits},
  author={Cvitanovi{\'c}, Predrag and Gaspard, Pierre and Schreiber, Thomas},
  journal={Chaos: An Interdisciplinary Journal of Nonlinear Science},
  volume={2},
  number={1},
  pages={85--90},
  year={1992},
  publisher={AIP Publishing}
}

@article{bunimovich1981statistical,
  title={Statistical properties of {L}orentz gas with periodic configuration of scatterers},
  author={Bunimovich, Leonid A and Sinai, Ya G},
  journal={Commun. Math. Phys.},
  volume={78},
  number={4},
  pages={479--497},
  year={1981},
  publisher={Springer}
}

@article{latz1997lyapunov,
  title={Lyapunov spectrum and the conjugate pairing rule for a thermostatted random {L}orentz gas: Kinetic theory},
  author={Latz, A and Van Beijeren, H and Dorfman, JR},
  journal={Phys. Rev. Lett.},
  volume={78},
  number={2},
  pages={207},
  year={1997},
  publisher={APS}
}

@article{dellago1997lyapunov,
  title={Lyapunov spectrum and the conjugate pairing rule for a thermostatted random {L}orentz gas: Numerical simulations},
  author={Dellago, Ch and Posch, HA},
  journal={Phys. Rev. Lett.},
  volume={78},
  number={2},
  pages={211},
  year={1997},
  publisher={APS}
}

@article{van1998chaotic,
  title={Chaotic properties of dilute two-and three-dimensional random {L}orentz gases: Equilibrium systems},
  author={Van Beijeren, H and Latz, Arnulf and Dorfman, JR},
  journal={Phys. Rev. E},
  volume={57},
  number={4},
  pages={4077},
  year={1998},
  publisher={APS}
}

@article{wennberg2012free,
  title={Free path lengths in quasi crystals},
  author={Wennberg, Bernt},
  journal={J. Stat. Phys.},
  volume={147},
  number={5},
  pages={981--990},
  year={2012},
  publisher={Springer}
}

@article{chernov1993steady,
  title={Steady-state electrical conduction in the periodic {L}orentz gas},
  author={Chernov, NI and Eyink, GL and Lebowitz, JL and Sinai, Ya G},
  journal={Commun. Math. Phys.},
  volume={154},
  number={3},
  pages={569--601},
  year={1993},
  publisher={Springer}
}


@article{boca2007distribution,
  title={The distribution of the free path lengths in the periodic two-dimensional Lorentz gas in the small-scatterer limit},
  author={Boca, Florin P and Zaharescu, Alexandru},
  journal={Commun. Math. Phys.},
  volume={269},
  number={2},
  pages={425--471},
  year={2007},
  publisher={Springer}
}

@article{caglioti2010boltzmann,
  title={On the {B}oltzmann-{G}rad limit for the two dimensional periodic Lorentz gas},
  author={Caglioti, Emanuele and Golse, Fran\c{c}ois},
  journal={J. Stat. Phys.},
  volume={141},
  number={2},
  pages={264--317},
  year={2010},
  publisher={Springer}
}

@inproceedings{golse2006periodic,
  title={The periodic Lorentz gas in the Boltzmann--Grad limit},
  author={Golse, Fran{\c{c}}ois},
  booktitle={Proc. ICM (Madrid, 2006)},
  volume={3},
  pages={183--20},
  year={2006}
}

@article{bleher1992statistical,
  title={Statistical properties of two-dimensional periodic Lorentz gas with infinite horizon},
  author={Bleher, PM},
  journal={J. Stat. Phys.},
  volume={66},
  number={1-2},
  pages={315--373},
  year={1992},
  publisher={Springer}
}


@article{chernov1994statistical,
  title={Statistical properties of the periodic Lorentz gas. Multidimensional case},
  author={Chernov, NI},
  journal={J. Stat. Phys.},
  volume={74},
  number={1-2},
  pages={11--53},
  year={1994},
  publisher={Springer}
}

@article{caglioti2003distribution,
  title={On the distribution of free path lengths for the periodic Lorentz gas III},
  author={Caglioti, Emanuele and Golse, Fran{\c{c}}ois},
  journal={Commun. Math. Phys.},
  volume={236},
  number={2},
  pages={199--221},
  year={2003},
  publisher={Springer}
}

@incollection{golse2012recent,
  title={Recent results on the periodic Lorentz gas},
  author={Golse, Fran{\c{c}}ois},
  booktitle={Nonlinear Partial Differential Equations},
  pages={39--99},
  year={2012},
  publisher={Springer}
}

@article{gilbert2011diffusive,
  title={Diffusive properties of persistent walks on cubic lattices with application to periodic Lorentz gases},
  author={Gilbert, Thomas and Nguyen, Huu Chuong and Sanders, David P},
  journal={J. Phys. A.: Math. Theor.},
  volume={44},
  number={6},
  pages={065001},
  year={2011},
  publisher={IOP Publishing}
}


@article{sanders2008normal,
  title={Normal diffusion in crystal structures and higher-dimensional billiard models with gaps},
  author={Sanders, David P},
  journal={Phys. Rev. E},
  volume={78},
  number={6},
  pages={060101},
  year={2008},
  publisher={APS}
}

@article{gilbert2009persistence,
  title={Persistence effects in deterministic diffusion},
  author={Gilbert, Thomas and Sanders, David P},
  journal={Phys. Rev. E},
  volume={80},
  number={4},
  pages={041121},
  year={2009},
  publisher={APS}
}

@article{sanders2005fine,
  title={Fine structure of distributions and central limit theorem in diffusive billiards},
  author={Sanders, David P},
  journal={Phys. Rev. E},
  volume={71},
  number={1},
  pages={016220},
  year={2005},
  publisher={APS}
}

@article{kraemer2013embedding,
  title={Embedding Quasicrystals in a periodic cell: dynamics in quasiperiodic structures},
  author={Kraemer, Atahualpa S and Sanders, David P},
  journal={Phys. Rev. Lett.},
  volume={111},
  number={12},
  pages={125501},
  year={2013},
  publisher={APS}
}

@article{nandori2014tail,
  title={Tail Asymptotics of Free Path Lengths for the Periodic Lorentz Process: On Dettmannâ€™s Geometric Conjectures},
  author={N{\'a}ndori, P{\'e}ter and Sz{\'a}sz, Domokos and Varj{\'u}, Tam{\'a}s},
  journal={Commun. Math. Phys.},
  volume={331},
  number={1},
  pages={111--137},
  year={2014},
  publisher={Springer Berlin Heidelberg}
}

@article{dettmann2012new,
  title={New horizons in multidimensional diffusion: The Lorentz gas and the Riemann Hypothesis},
  author={Dettmann, Carl P},
  journal={J. Stat. Phys.},
  volume={146},
  number={1},
  pages={181--204},
  year={2012},
  publisher={Springer}
}

@book{niven2008introduction,
  title={An Introduction to the Theory of Numbers},
  author={Niven, Ivan and Zuckerman, Herbert S and Montgomery, Hugh L},
  year={2008},
  publisher={John Wiley \& Sons}
}

@article{nogueira1995three,
  title={The three-dimensional Poincar{\'e} continued fraction algorithm},
  author={Nogueira, A},
  journal={Israel J. Math.},
  volume={90},
  number={1-3},
  pages={373--401},
  year={1995},
  publisher={Springer}
}

@article{boldrighini1983boltzmann,
  title={On the Boltzmann equation for the Lorentz gas},
  author={Boldrighini, Carlo and Bunimovich, Leonid A and Sinai, Ya G},
  journal={J. Stat. Phys.},
  volume={32},
  number={3},
  pages={477--501},
  year={1983},
  publisher={Springer}
}

@article{caglioti2008boltzmann,
  title={The Boltzmann--Grad limit of the periodic Lorentz gas in two space dimensions},
  author={Caglioti, Emanuele and Golse, Fran{\c{c}}ois},
  journal={Comp. Rend. Math.},
  volume={346},
  number={7},
  pages={477--482},
  year={2008},
  publisher={Elsevier}
}

@article{marklof2011periodic,
  title={The periodic Lorentz gas in the Boltzmann--Grad limit: asymptotic estimates},
  author={Marklof, Jens and Str{\"o}mbergsson, Andreas},
  journal={Geom. Func. Anal.},
  volume={21},
  number={3},
  pages={560--647},
  year={2011},
  publisher={Springer}
}

@article{bourgain1998distribution,
  title={On the Distribution of Free Path Lengths for the Periodic Lorentz Gas},
  author={Bourgain, Jean and Golse, Fran{\c{c}}ois and Wennberg, Bernt},
  journal={Commun. Math. Phys.},
  volume={190},
  number={3},
  pages={491--508},
  year={1998},
  publisher={Springer}
}

@article{golse2000distribution,
  title={On the distribution of free path lengths for the periodic Lorentz gas II},
  author={Golse, Fran{\c{c}}ois and Wennberg, Bernt},
  journal={ESAIM: Mathematical Modelling and Numerical Analysis},
  volume={34},
  number={06},
  pages={1151--1163},
  year={2000},
  publisher={Cambridge Univ Press}
}


@article{marklof2008kinetic,
  title={Kinetic transport in the two-dimensional periodic Lorentz gas},
  author={Marklof, Jens and Str{\"o}mbergsson, Andreas},
  journal={Nonlinearity},
  volume={21},
  number={7},
  pages={1413},
  year={2008},
  publisher={IOP Publishing}
}

@article{irwin1989geometry,
  title={Geometry of continued fractions},
  author={Irwin, Michael Charles},
  journal={Amer. Math. Monthly},
  volume={96},
  number={8},
  pages={696--703},
  year={1989}
}

@article{julialang,
  author    = {Jeff Bezanson and
               Alan Edelman and
               Stefan Karpinski and
               Viral B. Shah},
  title     = {Julia: {A} Fresh Approach to Numerical Computing},
  journal   = {CoRR},
  volume    = {abs/1411.1607},
  year      = {2014},
  url       = {http://arxiv.org/abs/1411.1607},
  timestamp = {Mon, 01 Dec 2014 14:32:13 +0100},
  biburl    = {http://dblp.uni-trier.de/rec/bib/journals/corr/BezansonEKS14},
  bibsource = {dblp computer science bibliography, http://dblp.org}
}

@article{tricylinder1974,
 title = {Symmetrical Intersections of Right Circular Cylinders},
 author = {Moreton Moore},
 journal = {The Mathematical Gazette},
 jstor_issuetitle = {},
 volume = {58},
 number = {405},
 jstor_formatteddate = {Oct., 1974},
 pages = {pp. 181-185},
 ISSN = {00255572},
 abstract = {},
 language = {English},
 year = {1974},
 publisher = {The Mathematical Association},
 copyright = {Copyright Â© 1974 The Mathematical Association}
}
 url = {http://www.jstor.org/stable/3615957},


@article{caglioti_golse,
year={2003},
issn={0010-3616},
journal={Commun. Math. Phys.},
volume={236},
number={2},
doi={10.1007/s00220-003-0825-5},
title={On the Distribution of Free Path Lengths for the Periodic Lorentz Gas III},
url={http://dx.doi.org/10.1007/s00220-003-0825-5},
publisher={Springer-Verlag},
author={Caglioti, Emanuele and Golse, FranÃ§ois},
pages={199-221},
language={English}
}
